\section{Bibliography}
\bibliography{Bibliography}
\bibliographystyle{plain}
