
@Misc{package:ec,
author =   {wren gayle romano},
title =    {exact-combinatorics: Efficient exact computation of combinatoric
functions.},
howpublished = {\url{http://hackage.haskell.org/package/exact-combinatorics}},
}

@Misc{package:qc,
author =   {Koen Claessen},
title =    {QuickCheck: Automatic testing of Haskell programs.},
howpublished = {\url{https://hackage.haskell.org/package/QuickCheck}},
}
