
@Misc{package:ec,
author =   {wren gayle romano},
title =    {exact-combinatorics: Efficient exact computation of combinatoric
functions.},
howpublished = {\url{http://hackage.haskell.org/package/exact-combinatorics}},
}

@Misc{package:qc,
author =   {Koen Claessen},
title =    {QuickCheck: Automatic testing of Haskell programs.},
howpublished = {\url{https://hackage.haskell.org/package/QuickCheck}},
}

@article{Claessen:2000:qc,
	Author = {Claessen, Koen and Hughes, John},
	Title = {QuickCheck: A Lightweight Tool for Random Testing of Haskell Programs},
	Year = {2000},
	Month = sep,
	Journal = {SIGPLAN Not.},
	Pages = {268--279},
	Numpages = {12},
	Volume = {35},
	Number = {9},
	Publisher = {ACM},
	Address = {New York, NY, USA},
	Issn = {0362-1340},
	Issue_Date = {Sept. 2000},
	Acmid = {351266},
	Doi = {10.1145/357766.351266}
}

